@Book{dkn1,
  author    = {Knuth, Donald Ervin},
  publisher = {Addison-Wesley},
  title     = {The {\TeX}book},
  year      = {1986},
  isbn      = {0201134470},
}

@Book{dkn2,
  author    = {Knuth, Donald Ervin},
  publisher = {Addison Wesley},
  title     = {The METAFONT book},
  year      = {1986},
  isbn      = {0201134454},
}

@Book{lla,
  author    = {Lamport, Leslie},
  publisher = {Addison-Wesley},
  title     = {\LaTeX: A Document Preparation System},
  year      = {1994},
  isbn      = {9780201529838},
}

@Book{companion,
  editor    = {Mittelbach, Frank and Goossens, Michel and Braams, Johannes and Carlisle, David and Rowley, Chris},
  publisher = {Addison-Wesley},
  title     = {The {\LaTeX} companion},
  year      = {2004},
  isbn      = {9780201362992},
}

@Booklet{xetmain,
  title  = {The {\XeTeX} Companion},
  author = {Goossens, Michel},
  year   = {2010},
  url    = {https://xml.web.cern.ch/XML/lgc2/xetexmain.pdf},
}

@Booklet{xetshol,
  title  = {{Creating Scholarly Multilingual Documents Using Unicode, OpenType, and \XeTeX}},
  author = {Perry, David J.},
  year   = {2010},
  url    = {https://scholarsfonts.net/xetextt.pdf},
}

@Comment{jabref-meta: databaseType:bibtex;}
